<?xml version="1.0" encoding="UTF-8"?>
<collection>
    <record>
        <leader>02167nam a22004458i 4500</leader>
        <controlfield tag="001">9914445133607426</controlfield>
        <controlfield tag="005">20220708162826.0</controlfield>
        <controlfield tag="008">211029s2022 oru 001 0 eng </controlfield>
        <datafield tag="010" ind1=" " ind2=" ">
            <subfield code="a"> 2021052483</subfield>
        </datafield>
        <datafield tag="016" ind1="7" ind2=" ">
            <subfield code="a">CIP 20211029 8:55:06 PM</subfield>
        </datafield>
        <datafield tag="020" ind1=" " ind2=" ">
            <subfield code="a">9781643261393</subfield>
            <subfield code="q">(hardcover)</subfield>
        </datafield>
        <datafield tag="020" ind1=" " ind2=" ">
            <subfield code="z">9781643261690</subfield>
            <subfield code="q">(ebook)</subfield>
        </datafield>
        <datafield tag="035" ind1=" " ind2=" ">
            <subfield code="a">(DNAL)1444513-naldb-Voyager</subfield>
        </datafield>
        <datafield tag="040" ind1=" " ind2=" ">
            <subfield code="a">DNAL/DLC</subfield>
            <subfield code="b">eng</subfield>
            <subfield code="e">rda</subfield>
            <subfield code="c">DLC</subfield>
        </datafield>
        <datafield tag="042" ind1=" " ind2=" ">
            <subfield code="a">pcc</subfield>
        </datafield>
        <datafield tag="049" ind1=" " ind2=" ">
            <subfield code="a">AGLG</subfield>
        </datafield>
        <datafield tag="050" ind1="0" ind2="0">
            <subfield code="a">QR351</subfield>
        </datafield>
        <datafield tag="070" ind1="0" ind2=" ">
            <subfield code="a">QR351</subfield>
            <subfield code="b">.L687 2022</subfield>
        </datafield>
        <datafield tag="100" ind1="1" ind2=" ">
            <subfield code="a">Lowenfels, Jeff,</subfield>
            <subfield code="e">author.</subfield>
        </datafield>
        <datafield tag="245" ind1="1" ind2="0">
            <subfield code="a">Teaming with bacteria :</subfield>
            <subfield code="b">the organic gardener's guide to endophytic bacteria and the
                rhizophagy cycle /</subfield>
            <subfield code="c">Jeff Lowenfels</subfield>
        </datafield>
        <datafield tag="246" ind1="3" ind2="0">
            <subfield code="a">Organic gardener's guide to endophytic bacteria and the rhizophagy
                cycle</subfield>
        </datafield>
        <datafield tag="263" ind1=" " ind2=" ">
            <subfield code="a">2208</subfield>
        </datafield>
        <datafield tag="264" ind1=" " ind2="1">
            <subfield code="a">Portland, Oregon :</subfield>
            <subfield code="b">Timber Press,</subfield>
            <subfield code="c">2022.</subfield>
        </datafield>
        <datafield tag="300" ind1=" " ind2=" ">
            <subfield code="a">pages cm</subfield>
        </datafield>
        <datafield tag="336" ind1=" " ind2=" ">
            <subfield code="a">text</subfield>
            <subfield code="b">txt</subfield>
            <subfield code="2">rdacontent</subfield>
        </datafield>
        <datafield tag="337" ind1=" " ind2=" ">
            <subfield code="a">unmediated</subfield>
            <subfield code="b">n</subfield>
            <subfield code="2">rdamedia</subfield>
        </datafield>
        <datafield tag="338" ind1=" " ind2=" ">
            <subfield code="a">volume</subfield>
            <subfield code="b">nc</subfield>
            <subfield code="2">rdacarrier</subfield>
        </datafield>
        <datafield tag="500" ind1=" " ind2=" ">
            <subfield code="a">Includes index.</subfield>
        </datafield>
        <datafield tag="505" ind1="0" ind2="0">
            <subfield code="t">Botany for students of endophytes --</subfield>
            <subfield code="t">Biochemistry for students of endophytes --</subfield>
            <subfield code="t">Bacterial review --</subfield>
            <subfield code="t">Endophytic bacteria -- The</subfield>
            <subfield code="t">rhizophagy cycle --</subfield>
            <subfield code="t">Growing with endophytic bacteria -- The</subfield>
            <subfield code="t">endophytic future.</subfield>
        </datafield>
        <datafield tag="520" ind1=" " ind2=" ">
            <subfield code="a">"Thanks to research conducted over the last few decades, we know that
                many (and probably all) plants get a significant portion of their nutrients by
                attracting endophytic bacteria. Gardeners and small-scale growers need to know about
                endophytic bacteria and the rhizophagy cycle because they have profound implications
                for how they raise plants. Knowing about them will help readers increase their
                plant's health and productivity"--</subfield>
            <subfield code="c">Provided by publisher.</subfield>
        </datafield>
        <datafield tag="530" ind1=" " ind2=" ">
            <subfield code="a">Also available online.</subfield>
        </datafield>
        <datafield tag="650" ind1=" " ind2="0">
            <subfield code="a">Organic gardening.</subfield>
        </datafield>
        <datafield tag="650" ind1=" " ind2="0">
            <subfield code="a">Endophytes.</subfield>
        </datafield>
        <datafield tag="650" ind1=" " ind2="0">
            <subfield code="a">Plant-microbe relationships.</subfield>
        </datafield>
        <datafield tag="655" ind1=" " ind2="0">
            <subfield code="a">Handbooks and manuals.</subfield>
        </datafield>
        <datafield tag="776" ind1="0" ind2="8">
            <subfield code="i">Online version:</subfield>
            <subfield code="a">Lowenfels, Jeff.</subfield>
            <subfield code="t">Teaming with bacteria</subfield>
            <subfield code="d">Portland, Oregon : Timber Press, 2022</subfield>
            <subfield code="z">9781643261690</subfield>
            <subfield code="w">(DLC) 2021052484</subfield>
        </datafield>
        <datafield tag="935" ind1=" " ind2=" ">
            <subfield code="a">(DNAL)1444513-naldb-Voyager</subfield>
            <subfield code="z">Copied to 035</subfield>
        </datafield>
        <datafield tag="945" ind1=" " ind2=" ">
            <subfield code="a">CIP</subfield>
        </datafield>
        <datafield tag="946" ind1=" " ind2=" ">
            <subfield code="a">Other US</subfield>
        </datafield>
        <datafield tag="958" ind1=" " ind2=" ">
            <subfield code="b">h</subfield>
            <subfield code="c">2021/10/29</subfield>
            <subfield code="d">o</subfield>
            <subfield code="e">csussman</subfield>
        </datafield>
    </record>